
@misc {RiotGamesThirdPartyApplication,
   url = {https://support-leagueoflegends.riotgames.com/hc/en-us/articles/225266848},
   year = {2022},
   title = {Third Party Applications},
   author = {Chipteck},
}

@misc {EsportsChartsWorlds2023,
   url = {https://escharts.com/tournaments/lol/2023-world-championship},
   year = {2023},
   title = {2023 World Championship}
}

@misc {LoLWikiListOfChampions,
   url = {https://leagueoflegends.fandom.com/wiki/List_of_champions},
   title = {List of Champions}
}

@misc {LolWikiListOfItems,
   url = {https://leagueoflegends.fandom.com/wiki/Item_(League_of_Legends)#List_of_Items},
   title = {Item (League of Legends): List of Items}
}

@misc {LolWikiRunes,
   url = {https://leagueoflegends.fandom.com/wiki/Rune_(League_of_Legends)},
   title = {Rune (League of Legends)}
}

@misc {LolWikiArmorPenetrationCalculation,
   url = {https://leagueoflegends.fandom.com/wiki/Armor_penetration#Order_of_calculations},
   title = {Armor Penetration: Order of Calculations}
}

@misc {KSLNewsFPX,
   url = {https://kslnewsradio.com/1917037/they-train-14-hours-a-day-7-days-a-week-chasing-million-dollar-paydays-meet-chinas-new-breed-of-esports-athletes/},
   title = {They train 14 hours a day, 7 days a week, chasing million-dollar paydays. Meet Chinaâ€™s new breed of esports athletes},
   year = {2019},
   author = {Ben Westcott and Nanlin Fang}}